@online{Mccloskey,
title = {Turn User Goals into Task Scenarios for Usability Testing},
author = {Marieke McCloskey},
howpublished={\url{http://udel.edu/~rworley/e416/Task%20Scenarios%20for%20Usability%20Testing.pdf}}
}

@online{Participants,
title = {How to Recruit Participants for Usability Studies},
author = {Deborah Hinderer Sova and Jakob Nielsen},
howpublished={\url{http://s3.amazonaws.com/media.nngroup.com/media/reports/free/How_To_Recruit_Participants_for_Usability_Studies.pdf}}
}


@book{Nielsen93,
 author = {Nielsen, Jakob},
 title = {Usability Engineering},
 year = {1993},
 isbn = {0125184050},
 publisher = {Morgan Kaufmann Publishers Inc.},
 address = {San Francisco, CA, USA},
} 



@book{Shneiderman86,
 author = {Shneiderman, Ben},
 title = {Designing the User Interface: Strategies for Effective Human-computer Interaction},
 year = {1986},
 isbn = {0-201-16505-8},
 publisher = {Addison-Wesley Longman Publishing Co., Inc.},
 address = {Boston, MA, USA},
} 

@inproceedings{buykx2010,
    author = {Petrie, Helen and Buykx, Lucy},
    booktitle = {UPA2010},
    key = {buykx2010},
    keywords = {heuristic-evaluation},
    posted-at = {2011-07-29 11:11:49},
    priority = {0},
    title = {{Collaborative Heuristic Evaluation: improving the effectiveness of heuristic evaluation}},
    year = {2010}
}


@book{InteractionDesign,
    author = {Sharp, Helen and Rogers, Yvonne and Preece, Jenny},
    day = {23},
    edition = {2},
    howpublished = {Paperback},
    isbn = {0470018666},
    keywords = {interaction-design},
    month = mar,
    posted-at = {2008-07-24 05:15:59},
    priority = {0},
    publisher = {Wiley},
    title = {{Interaction Design: Beyond Human-Computer Interaction}},
    url = {http://www.worldcat.org/isbn/0470018666},
    year = {2007}
}


@online{Tog,
title={Togâ€™s first principles of interaction},
author={Bruce Tognazzini},
howpublished={\url{http://asktog.com/atc/principles-of-interaction-design/}}
}

@online{Scss,
title={{Sass: Syntactically Awesome Style Sheets}},
howpublished={\url{http://sass-lang.com}}
}

@online{Githubflow,
title={{GitHub flow}},
howpublished={\url{http://scottchacon.com/2011/08/31/github-flow.html}}
}

@online{w3validator,
title={{W3C Markup validation service}},
howpublished={\url{http://validator.w3.org}}
}

@online{htmlcodesniffer,
title={{HTML\_CodeSniffer}},
howpublished={\url{http://squizlabs.github.io/HTML_CodeSniffer/}}
}

@online{wcag2,
title={{WCAG 2.0}},
howpublished={\url{http://www.w3.org/TR/WCAG20/}}
}
